@inproceedings{ghemawat2003google,
  title={{The Google file system}},
  author={Ghemawat, Sanjay and Gobioff, Howard and Leung, Shun-Tak},
  booktitle={ACM SIGOPS operating systems review},
  volume={37},
  number={5},
  pages={29--43},
  year={2003},
  organization={ACM}
}

@inproceedings{shvachko2010hadoop,
  title={{The hadoop distributed file system}},
  author={Shvachko, Konstantin and Kuang, Hairong and Radia, Sanjay and Chansler, Robert},
  booktitle={Mass storage systems and technologies (MSST), 2010 IEEE 26th symposium on},
  pages={1--10},
  year={2010},
  organization={IEEE}
}

@inproceedings{weil2006ceph,
  title={{Ceph: A scalable, high-performance distributed file system}},
  author={Weil, Sage A and Brandt, Scott A and Miller, Ethan L and Long, Darrell DE and Maltzahn, Carlos},
  booktitle={Proceedings of the 7th symposium on Operating systems design and implementation},
  pages={307--320},
  year={2006},
  organization={USENIX Association}
}

@inproceedings{roselli2000comparison,
  title={{A Comparison of File System Workloads.}},
  author={Roselli, Drew S and Lorch, Jacob R and Anderson, Thomas E and others},
  booktitle={USENIX annual technical conference, general track},
  pages={41--54},
  year={2000}
}

@inproceedings{zhang2016composite,
  title={{The Composite-file File System: Decoupling the One-to-One Mapping of Files and Metadata for Better Performance.}},
  author={Zhang, Shuanglong and Catanese, Helen and Wang, An-I Andy},
  booktitle={FAST},
  pages={15--22},
  year={2016}
}

@inproceedings{li2004c,
  title={C-Miner: Mining Block Correlations in Storage Systems.},
  author={Li, Zhenmin and Chen, Zhifeng and Srinivasan, Sudarshan M and Zhou, Yuanyuan},
  booktitle={FAST},
  volume={4},
  pages={173--186},
  year={2004}
}

@inproceedings{ding2007diskseen,
  title={DiskSeen: Exploiting Disk Layout and Access History to Enhance I/O Prefetch.},
  author={Ding, Xiaoning and Jiang, Song and Chen, Feng and Davis, Kei and Zhang, Xiaodong},
  booktitle={USENIX Annual Technical Conference},
  volume={7},
  pages={261--274},
  year={2007}
}

@inproceedings{kroeger2001design,
  title={Design and Implementation of a Predictive File Prefetching Algorithm.},
  author={Kroeger, Tom M and Long, Darrell DE},
  booktitle={USENIX Annual Technical Conference, General Track},
  pages={105--118},
  year={2001}
}

@article{gu2010novel,
  title={A novel weighted-graph-based grouping algorithm for metadata prefetching},
  author={Gu, Peng and Wang, Jun and Zhu, Yifeng and Jiang, Hong and Shang, Pengju},
  journal={IEEE Transactions on Computers},
  volume={59},
  number={1},
  pages={1--15},
  year={2010},
  publisher={IEEE}
}
